@book{numrec3,
author = {Press, William H. and Teukolsky, Saul A. and Vetterling, William T. and Flannery, Brian P.},
title = {Numerical Recipes 3rd Edition: The Art of Scientific Computing},
year = {2007},
isbn = {0521880688},
publisher = {Cambridge University Press},
address = {USA},
edition = {3}
}
